@inproceedings{fischer2015clear,
  title={A clear picture of lens laws},
  author={Fischer, Sebastian and Hu, Zhenjiang and Pacheco, Hugo},
  booktitle={International Conference on Mathematics of Program Construction},
  pages={215--223},
  year={2015},
  organization={Springer}
}

@article{foster2005combinators,
  title={Combinators for bi-directional tree transformations: a linguistic approach to the view update problem},
  author={Foster, J Nathan and Greenwald, Michael B and Moore, Jonathan T and Pierce, Benjamin C and Schmitt, Alan},
  journal={ACM SIGPLAN Notices},
  volume={40},
  number={1},
  pages={233--246},
  year={2005},
  publisher={ACM}
}

@inproceedings{gibbons2012unifying,
  title={Unifying theories of programming with monads},
  author={Gibbons, Jeremy},
  booktitle={International Symposium on Unifying Theories of Programming},
  pages={23--67},
  year={2012},
  organization={Springer}
}

@article{hudak1996building,
  title={Building domain-specific embedded languages},
  author={Hudak, Paul},
  journal={ACM Computing Surveys (CSUR)},
  volume={28},
  number={4es},
  pages={196},
  year={1996},
  publisher={ACM}
}

@article{hughes1989functional,
  title={Why functional programming matters},
  author={Hughes, John},
  journal={The computer journal},
  volume={32},
  number={2},
  pages={98--107},
  year={1989},
  publisher={Br Computer Soc}
}

@article{jacobs1997tutorial,
  title={A tutorial on (co) algebras and (co) induction},
  author={Jacobs, Bart and Rutten, Jan},
  journal={Bulletin-European Association for Theoretical Computer Science},
  volume={62},
  pages={222--259},
  year={1997},
  publisher={EUROPEAN ASSOCIATION FOR THEORETICAL COMPUTER}
}

@book{jacobs2016introduction,
  title={Introduction to Coalgebra: Towards Mathematics of States and Observation},
  author={Jacobs, Bart},
  volume={59},
  year={2016},
  publisher={Cambridge University Press}
}

@article{morris2012asymmetric,
  title={Asymmetric Lenses in Scala},
  author={Morris, Tony},
  year={2012}
}

@article{pickering2017profunctor,
  title={Profunctor Optics: Modular Data Accessors},
  author={Pickering, Matthew and Gibbons, Jeremy and Wu, Nicolas},
  journal={arXiv preprint arXiv:1703.10857},
  year={2017}
}

@book{pierce1991basic,
  title={Basic category theory for computer scientists},
  author={Pierce, Benjamin C},
  year={1991},
  publisher={MIT press}
}

@article{o2011functor,
  title={Functor is to lens as applicative is to biplate: Introducing multiplate},
  author={O'Connor, Russell},
  journal={arXiv preprint arXiv:1103.2841},
  year={2011}
}

@article{turner2004total,
  title={Total Functional Programming.},
  author={Turner, David A},
  journal={J. UCS},
  volume={10},
  number={7},
  pages={751--768},
  year={2004}
}
