@inproceedings{fischer2015clear,
  title={A clear picture of lens laws},
  author={Fischer, Sebastian and Hu, Zhenjiang and Pacheco, Hugo},
  booktitle={International Conference on Mathematics of Program Construction},
  pages={215--223},
  year={2015},
  organization={Springer}
}

@article{foster2005combinators,
  title={Combinators for bi-directional tree transformations: a linguistic approach to the view update problem},
  author={Foster, J Nathan and Greenwald, Michael B and Moore, Jonathan T and Pierce, Benjamin C and Schmitt, Alan},
  journal={ACM SIGPLAN Notices},
  volume={40},
  number={1},
  pages={233--246},
  year={2005},
  publisher={ACM}
}

@inproceedings{gibbons2012unifying,
  title={Unifying theories of programming with monads},
  author={Gibbons, Jeremy},
  booktitle={International Symposium on Unifying Theories of Programming},
  pages={23--67},
  year={2012},
  organization={Springer}
}

@article{hudak1996building,
  title={Building domain-specific embedded languages},
  author={Hudak, Paul},
  journal={ACM Computing Surveys (CSUR)},
  volume={28},
  number={4es},
  pages={196},
  year={1996},
  publisher={ACM}
}

@article{hughes1989functional,
  title={Why functional programming matters},
  author={Hughes, John},
  journal={The computer journal},
  volume={32},
  number={2},
  pages={98--107},
  year={1989},
  publisher={Br Computer Soc}
}

@article{jacobs1997tutorial,
  title={A tutorial on (co) algebras and (co) induction},
  author={Jacobs, Bart and Rutten, Jan},
  journal={Bulletin-European Association for Theoretical Computer Science},
  volume={62},
  pages={222--259},
  year={1997},
  publisher={EUROPEAN ASSOCIATION FOR THEORETICAL COMPUTER}
}

@book{jacobs2016introduction,
  title={Introduction to Coalgebra: Towards Mathematics of States and Observation},
  author={Jacobs, Bart},
  volume={59},
  year={2016},
  publisher={Cambridge University Press}
}

@techreport{jacobs1995objects,
 author = {Jacobs, Bart P.F.},
 title = {Objects and Classes, Coalgebraically},
 year = {1995},
 source = {http://www.ncstrl.org:8900/ncstrl/servlet/search?formname=detail\&id=oai%3Ancstrlh%3Aercim_cwi%3Aercim.cwi%2F%2FCS-R9536},
 publisher = {CWI (Centre for Mathematics and Computer Science)},
 address = {Amsterdam, The Netherlands, The Netherlands},
}

@article{morris2012asymmetric,
  title={Asymmetric Lenses in Scala},
  author={Morris, Tony},
  year={2012}
}

@article{pickering2017profunctor,
  title={Profunctor Optics: Modular Data Accessors},
  author={Pickering, Matthew and Gibbons, Jeremy and Wu, Nicolas},
  journal={arXiv preprint arXiv:1703.10857},
  year={2017}
}

@book{pierce1991basic,
  title={Basic category theory for computer scientists},
  author={Pierce, Benjamin C},
  year={1991},
  publisher={MIT press}
}

@article{oconnor2011functor,
  title={Functor is to lens as applicative is to biplate: Introducing multiplate},
  author={O'Connor, Russell},
  journal={arXiv preprint arXiv:1103.2841},
  year={2011}
}

@article{turner2004total,
  title={Total Functional Programming.},
  author={Turner, David A},
  journal={J. UCS},
  volume={10},
  number={7},
  pages={751--768},
  year={2004}
}

@TechReport{odersky2004overview,
  author =       {Martin Odersky and al.},
  title =        {An Overview of the Scala Programming Language},
  institution =  {EPFL Lausanne, Switzerland},
  year =         2004,
  number =       {IC/2004/64}
}

@inproceedings{wadler1995monads,
  title={Monads for functional programming},
  author={Wadler, Philip},
  booktitle={International School on Advanced Functional Programming},
  pages={24--52},
  year={1995},
  organization={Springer}
}

@article{abou2016reflections,
  author    = {Faris Abou{-}Saleh and
               James Cheney and
               Jeremy Gibbons and
               James McKinna and
               Perdita Stevens},
  title     = {Reflections on Monadic Lenses},
  journal   = {CoRR},
  volume    = {abs/1601.02484},
  year      = {2016},
  url       = {http://arxiv.org/abs/1601.02484},
  timestamp = {Wed, 07 Jun 2017 14:42:45 +0200},
  biburl    = {http://dblp.uni-trier.de/rec/bib/journals/corr/Abou-SalehCGMS16},
  bibsource = {dblp computer science bibliography, http://dblp.org}
}

@inproceedings{abou2015notions,
  title={Notions of bidirectional computation and entangled state monads},
  author={Abou-Saleh, Faris and Cheney, James and Gibbons, Jeremy and McKinna, James and Stevens, Perdita},
  booktitle={International Conference on Mathematics of Program Construction},
  pages={187--214},
  year={2015},
  organization={Springer}
}

@article{abou2017coalgebraic,
  title={Coalgebraic aspects of bidirectional computation},
  author={Abou-Saleh, Faris and Gibbons, Jeremy},
  journal={Journal of Object Technology},
  volume={16},
  number={1},
  year={2017},
  publisher={Journal of Object Technology}
}
